% example citation
@article{KNUT1984,
author = {Donald~E.~Knuth},
title = {The Toilet Paper Problem},
journal = {The American Mathematical Monthly},
volume = {91},
number = {8},
pages = {456--470},
year = {1984}
}
